<record xmlns='http://www.loc.gov/MARC21/slim'
><leader
  >02503ctmaa2200445 a 4500</leader
  ><controlfield tag='001'
  >3816453</controlfield
  ><controlfield tag='005'
  >20140801194054.0</controlfield
  ><controlfield tag='008'
  >000417s1438    gw            000 0 lat d</controlfield
  ><datafield ind1=' ' ind2=' ' tag='035'
  ><subfield code='a'
    >(CStRLIN)NYCV00A38</subfield
    ></datafield
  ><datafield ind1=' ' ind2=' ' tag='035'
  ><subfield code='a'
    >(CStRLIN)NYCV00-A38</subfield
    ></datafield
  ><datafield ind1=' ' ind2=' ' tag='035'
  ><subfield code='a'
    >(NIC)notisATD6383</subfield
    ></datafield
  ><datafield ind1=' ' ind2=' ' tag='035'
  ><subfield code='a'
    >3816453</subfield
    ></datafield
  ><datafield ind1=' ' ind2=' ' tag='035'
  ><subfield code='a'
    >(OCoLC)64755199</subfield
    ></datafield
  ><datafield ind1='1' ind2=' ' tag='100'
  ><subfield code='a'
    >Sacro Bosco, Joannes de,</subfield
    ><subfield code='d'
    >active 1230.</subfield
    ></datafield
  ><datafield ind1='1' ind2='0' tag='245'
  ><subfield code='a'
    >[Algorismus, cum glosa / John of Sacro Bosco]</subfield
    ></datafield
  ><datafield ind1=' ' ind2=' ' tag='260'
  ><subfield code='a'
    >[Germany,</subfield
    ><subfield code='c'
    >ca. 1438]</subfield
    ></datafield
  ><datafield ind1=' ' ind2=' ' tag='300'
  ><subfield code='a'
    >28 leaves :</subfield
    ><subfield code='b'
    >paper ;</subfield
    ><subfield code='c'
    >219 x 146 (160 x 112) mm., unbound.</subfield
    ></datafield
  ><datafield ind1=' ' ind2=' ' tag='500'
  ><subfield code='a'
    >Ms. gatherings.</subfield
    ></datafield
  ><datafield ind1=' ' ind2=' ' tag='546'
  ><subfield code='a'
    >Text in Latin.</subfield
    ></datafield
  ><datafield ind1=' ' ind2=' ' tag='500'
  ><subfield code='a'
    >This manuscript is related to Misc. Bd. Mss. 12 and 115. All three are unbound, written on paper of nearly identical dimensions and in the same script, and all three were acquired together from the same source. Misc. Bd. Ms. 115 is dated to 1438 and was written at the monastery of Ewich near Attendorn in Germany.</subfield
    ></datafield
  ><datafield ind1=' ' ind2=' ' tag='500'
  ><subfield code='a'
    >Layout: Written in 32-40 long lines; lightly framed (usually in dry point), but not ruled.</subfield
    ></datafield
  ><datafield ind1=' ' ind2=' ' tag='500'
  ><subfield code='a'
    >Script: Gothic cursive.</subfield
    ></datafield
  ><datafield ind1=' ' ind2=' ' tag='500'
  ><subfield code='a'
    >Decoration: Decorated initials, most of them imperfect.</subfield
    ></datafield
  ><datafield ind1=' ' ind2=' ' tag='500'
  ><subfield code='a'
    >Binding: Unbound, boxed.</subfield
    ></datafield
  ><datafield ind1=' ' ind2=' ' tag='500'
  ><subfield code='a'
    >Origin: Written in Germany, probably at the monastery of Ewich near Attendorn, ca. 1438.</subfield
    ></datafield
  ><datafield ind1=' ' ind2=' ' tag='561'
  ><subfield code='a'
    >Provenance: Bought in 1888 by George Lincoln Burr for the White Library from Dr. Gerhard Hennen at Düsseldorf, Germany.</subfield
    ></datafield
  ><datafield ind1=' ' ind2=' ' tag='524'
  ><subfield code='a'
    >Division of Rare and Manuscript Collections, Cornell University Library, Misc. Bd. Ms. 146.</subfield
    ></datafield
  ><datafield ind1=' ' ind2=' ' tag='500'
  ><subfield code='a'
    >Former shelfmark: MSS Bd. Rare P S12+</subfield
    ></datafield
  ><datafield ind1=' ' ind2=' ' tag='500'
  ><subfield code='a'
    >Related shelfmark: MS B.52 (De Ricci)</subfield
    ></datafield
  ><datafield ind1='4' ind2=' ' tag='510'
  ><subfield code='a'
    >De Ricci, S.  Census of Medieval and Renaissance Manuscripts in the United States and Canada,</subfield
    ><subfield code='c'
    >II, p. 1237.</subfield
    ></datafield
  ><datafield ind1=' ' ind2=' ' tag='581'
  ><subfield code='a'
    >Fridericus S. Pedersen, ed. Petri Philomenae de Dacia et Petri de S. Audomaro Opera Quadrivialia (Copenhagen: Apud Librarium G.E.C. Gad, 1983), pp. 165-201 (text without gloss; the gloss in Misc. Bd. Ms. 146 is not that of Petrus Philomena de Dacia).</subfield
    ></datafield
  ><datafield ind1=' ' ind2='0' tag='650'
  ><subfield code='a'
    >Mathematics</subfield
    ><subfield code='x'
    >Early works to 1800.</subfield
    ></datafield
  ><datafield ind1=' ' ind2='0' tag='650'
  ><subfield code='a'
    >Science</subfield
    ><subfield code='x'
    >Early works to 1800.</subfield
    ></datafield
  ><datafield ind1=' ' ind2='7' tag='655'
  ><subfield code='a'
    >Gothic scripts.</subfield
    ><subfield code='2'
    >aat</subfield
    ></datafield
  ><datafield ind1='2' ind2=' ' tag='710'
  ><subfield code='a'
    >Cornell University.</subfield
    ><subfield code='b'
    >Library.</subfield
    ><subfield code='b'
    >Division of Rare and Manuscript Collections.</subfield
    ><subfield code='k'
    >Manuscript.</subfield
    ><subfield code='n'
    >Misc. Bd. Ms. 146.</subfield
    ></datafield
  ><datafield ind1=' ' ind2=' ' tag='752'
  ><subfield code='a'
    >Germany.</subfield
    ></datafield
  ><datafield ind1=' ' ind2=' ' tag='852'
  ><subfield code='a'
    >NIC</subfield
    ><subfield code='j'
    >4600 Bd. Ms. 146 +</subfield
    ></datafield
  ><datafield ind1='1' ind2=' ' tag='899'
  ><subfield code='a'
    >med</subfield
    ></datafield
  ><datafield ind1='3' ind2=' ' tag='948'
  ><subfield code='a'
    >20070525</subfield
    ><subfield code='h'
    >RLINAMC</subfield
    ><subfield code='i'
    >RLINAMC1.mrc</subfield
    ></datafield
  ><datafield ind1='f' ind2='f' tag='999'
  ><subfield code='i'
    >feab15ea-b558-4304-a459-5dfb4284336d</subfield
    ><subfield code='s'
    >6070865f-3e79-4c5d-8578-8323c403d8d9</subfield
    ></datafield
  ></record
>